@article{xiao2019matching,
  title={Matching a correlation coefficient by a Gaussian copula},
  author={Xiao, Qing and Zhou, Shaowu},
  journal={Communications in Statistics-Theory and Methods},
  volume={48},
  number={7},
  pages={1728--1747},
  year={2019},
  publisher={Taylor \& Francis}
}

