@article{xiao2019matching,
  title={Matching a correlation coefficient by a Gaussian copula},
  author={Xiao, Qing and Zhou, Shaowu},
  journal={Communications in Statistics-Theory and Methods},
  volume={48},
  number={7},
  pages={1728--1747},
  year={2019},
  publisher={Taylor \& Francis}
}

@article{higham2002computing,
  title={Computing the nearest correlation matrixâ€”a problem from finance},
  author={Higham, Nicholas J},
  journal={IMA journal of Numerical Analysis},
  volume={22},
  number={3},
  pages={329--343},
  year={2002},
  publisher={OUP}
}

@article{qi2006quadratically,
  title={A quadratically convergent Newton method for computing the nearest correlation matrix},
  author={Qi, Houduo and Sun, Defeng},
  journal={SIAM Journal on Matrix Analysis and Applications},
  volume={28},
  number={2},
  pages={360--385},
  year={2006},
  publisher={SIAM}
}

@article{muino2006gs,
  title={GS-distributions: A new family of distributions for continuous unimodal variables},
  author={Muino, JM and Voit, Eberhard O and Sorribas, Albert},
  journal={Computational Statistics and Data Analysis},
  volume={50},
  number={10},
  pages={2769--2798},
  year={2006},
  publisher={Elsevier}
}
